@book{Pearl.etal2016,
  title = {Causal Inference in Statistics: A Primer},
  shorttitle = {Causal Inference in Statistics},
  author = {Pearl, Judea and Glymour, Madelyn and Jewell, Nicholas P.},
  year = {2016},
  publisher = {Wiley},
  address = {Chichester, West Sussex}

}
@book{Angrist.Pischke2008,
  title = {Mostly Harmless Econometrics: An Empiricists Companion},
  author = {Angrist, Josh D. and Pischke, Jörn-Steffen},
  year = {2008},
  publisher = {Princeton University Press},
  address = {Princeton NJ}
}

@book{Hernan.Robins2020,
  title = {Causal Inference: What If},
  author = {Hernán, Miguel A. and Robins, James M.},
  year = {2020},
  publisher = {Chapman & Hall/CRC},
  address = {Boca Raton FL}
}

